<record><leader>00000cas a2200000 a 4500</leader><controlfield tag="001">34992170</controlfield><controlfield tag="008">960626d18981928miuwr ne      0    0eng c</controlfield><datafield ind1=" " ind2=" " tag="010"><subfield code="a">sn 96076744 </subfield></datafield><datafield ind1=" " ind2=" " tag="040"><subfield code="a">MHN</subfield><subfield code="b">eng</subfield><subfield code="c">MHN</subfield><subfield code="d">OCL</subfield><subfield code="d">OCLCQ</subfield><subfield code="d">OCLCF</subfield><subfield code="d">OCLCO</subfield></datafield><datafield ind1="1" ind2=" " tag="029"><subfield code="a">AU@</subfield><subfield code="b">000012580931</subfield></datafield><datafield ind1=" " ind2=" " tag="042"><subfield code="a">pcc</subfield></datafield><datafield ind1=" " ind2=" " tag="043"><subfield code="a">n-us-mi</subfield></datafield><datafield ind1="0" ind2=" " tag="130"><subfield code="a">Charlotte Republican (Charlotte, Mich. : 1898)</subfield></datafield><datafield ind1="1" ind2="4" tag="245"><subfield code="a">The Charlotte Republican.</subfield></datafield><datafield ind1=" " ind2=" " tag="260"><subfield code="a">Charlotte, Mich. :</subfield><subfield code="b">Republican Print. Co.</subfield></datafield><datafield ind1=" " ind2=" " tag="300"><subfield code="a">v.</subfield></datafield><datafield ind1=" " ind2=" " tag="310"><subfield code="a">Weekly</subfield></datafield><datafield ind1="0" ind2=" " tag="362"><subfield code="a">45th ur., no. 49 (Dec. 8, 1898)-</subfield></datafield><datafield ind1="1" ind2=" " tag="362"><subfield code="a">Ceased Dec. 10, 1928. Cf. Brown, Elizabeth Read. A Union list of newspapers published in Michigan based on the principal newspaper collections in the state with notes concerning papers not located.</subfield></datafield><datafield ind1=" " ind2=" " tag="580"><subfield code="a">Merged with: Charlotte tribune, to form: Charlotte Republican-tribune and Charlotte leader.</subfield></datafield><datafield ind1=" " ind2="0" tag="651"><subfield code="a">Charlotte (Mich.)</subfield><subfield code="v">Newspapers.</subfield></datafield><datafield ind1=" " ind2="0" tag="651"><subfield code="a">Eaton County (Mich.)</subfield><subfield code="v">Newspapers.</subfield></datafield><datafield ind1=" " ind2="7" tag="655"><subfield code="a">Newspapers.</subfield><subfield code="2">fast</subfield><subfield code="0">(OCoLC)fst01423814</subfield></datafield><datafield ind1=" " ind2="7" tag="651"><subfield code="a">Michigan</subfield><subfield code="z">Charlotte.</subfield><subfield code="2">fast</subfield><subfield code="0">(OCoLC)fst01209730</subfield></datafield><datafield ind1=" " ind2="7" tag="651"><subfield code="a">Michigan</subfield><subfield code="z">Eaton County.</subfield><subfield code="2">fast</subfield><subfield code="0">(OCoLC)fst01214755</subfield></datafield><datafield ind1=" " ind2=" " tag="752"><subfield code="a">United States</subfield><subfield code="b">Michigan</subfield><subfield code="c">Eaton</subfield><subfield code="d">Charlotte.</subfield></datafield><datafield ind1="0" ind2="0" tag="780"><subfield code="t">Eaton County Republican (Charlotte, Mich. : 1892)</subfield></datafield><datafield ind1="1" ind2="7" tag="785"><subfield code="t">Charlotte tribune</subfield><subfield code="w">(DLC)sn 85038657</subfield><subfield code="w">(OCoLC)12881515</subfield></datafield><datafield ind1="1" ind2="7" tag="785"><subfield code="t">Charlotte Republican-tribune and Charlotte leader</subfield><subfield code="w">(DLC)sn 96076745</subfield><subfield code="w">(OCoLC)34992259</subfield></datafield></record>